% @book{hull2003options,
%   title={Options futures and other derivatives},
%   author={Hull, John C},
%   year={2003},
%   publisher={Pearson Education India}
% }

% @book{derman2016volatility,
%   title={The volatility smile},
%   author={Derman, Emanuel and Miller, Michael B},
%   year={2016},
%   publisher={John Wiley \& Sons}
% }

% @book{Asmussen,
%   title={Stochastic Simulation: Algorithms and Analysis},
%   author={Asmussen S., Glynn P.W.},
%   year={2007},
%   publisher={Springer, New York, NY},
%   volume={57},
%   pages={144-145}
% }

@book{Taylor,
  title={Asset price dynamics, volatility, and prediction},
  author={Taylor, Stephen J},
  year={2011},
  publisher={Princeton university press}
}

@article{2007,
  title={Asset allocation under multivariate regime switching},
  author={Massimo Guidolin, Allan Timmermann},
  journal={Journal of Economic Dynamics \& Control},
  volume={31},
  number={},
  pages={3503--3544},
  year={2007},
  publisher={Elsevier B.V.}
}

@article{Pimco,
  title={High Yield and Bank Loans: A Tale of Two Markets},
  author={},
  journal={Pimco: https://global.pimco.com/en-gbl/resources/education/understanding-high-yield-bonds},
  volume={},
  number={},
  pages={},
  year={2018},
  publisher={Pimco}
}

@article{Bloomberg,
  title={The Corporate Bond Market Is Getting Junkier},
  author={},
  journal={Bloomberg: https://www.bloomberg.com/opinion/articles/2018-07-10/corporate-bonds-are-getting-junkier},
  volume={},
  number={},
  pages={},
  year={2018},
  publisher={Bloomberg}
}

@article{Cont,
  title={Empirical properties of asset returns:
stylized facts and statistical issues},
  author={Rama Cont},
  journal={Quantitative Finance},
  volume={1},
  number={},
  pages={223â€“236},
  year={201},
  publisher={IOP Publishing Ltd}
}


@article{MPT52,
author = {Markowitz, Harry},
title = {PORTFOLIO SELECTION*},
journal = {The Journal of Finance},
volume = {7},
number = {1},
pages = {77-91},
%doi = {10.1111/j.1540-6261.1952.tb01525.x},
%url = {https://onlinelibrary.wiley.com/doi/abs/10.1111/j.1540-6261.1952.tb01525.x},
%eprint = {https://onlinelibrary.wiley.com/doi/pdf/10.1111/j.1540-6261.1952.tb01525.x},
year = {1952}
}

@inbook{riskfreerate,
author = {Grabowski, Roger and Nunes, Carla and Harrington, James},
publisher = {John Wiley & Sons, Ltd},
isbn = {9781118846780},
title = {Risk-free Rate},
booktitle = {Cost of Capital},
chapter = {7},
pages = {91-109},
%doi = {10.1002/9781118846780.ch07},
%url = {https://onlinelibrary.wiley.com/doi/abs/10.1002/9781118846780.ch07},
%eprint = {https://onlinelibrary.wiley.com/doi/pdf/10.1002/9781118846780.ch07},
year = {2014},
%keywords = {2008 financial crisis, equity risk premium (ERP), investment, risk-free maturity, risk-free rate, risk-free yield, U.S. government security},
%abstract = {}
}





% @book{glasserman,
%   title={Monte Carlo methods in financial engineering},
%   author={Glasserman, Paul},
%   volume={53},
%   year={2003},
%   publisher={Springer Science \& Business Media}
% }

% @article{Haugh,
%   title={Further Variance Reduction Methods},
%   author={Martin Haugh},
%   journal={Lecture Notes, Columbia University},
%   year={2011},
%   publisher={Columbia University}
% }

% @book{bjork,
%   title={Arbitrage theory in continuous time},
%   author={Bj{\"o}rk, Tomas},
%   year={2009},
%   publisher={Oxford university press}
% }

% @article{lsm,
%   title={Valuing American options by simulation: a simple least-squares approach},
%   author={Longstaff, Francis A and Schwartz, Eduardo S},
%   journal={The review of financial studies},
%   volume={14},
%   number={1},
%   pages={113--147},
%   year={2001},
%   publisher={Oxford University Press}
% }

% @article{kemna,
%   title={A pricing method for options based on average asset values},
%   author={Kemna, Angelien GZ and Vorst, Antonius CF},
%   journal={Journal of Banking \& Finance},
%   volume={14},
%   number={1},
%   pages={113--129},
%   year={1990},
%   publisher={Elsevier}
% }

% @article{talay,
%   title={Expansion of the global error for numerical schemes solving stochastic differential equations},
%   author={Talay, Denis and Tubaro, Luciano},
%   journal={Stochastic analysis and applications},
%   volume={8},
%   number={4},
%   pages={483--509},
%   year={1990},
%   publisher={Taylor \& Francis}
% }

% @book{bucklew,
%   title={Introduction to rare event simulation},
%   author={Bucklew, James},
%   year={2013},
%   publisher={Springer Science \& Business Media}
% }

% @book{Art,
%   author = {Art B. Owen},
%   year = 2013,
%   title = {Monte Carlo theory, methods and examples (Chapter 8)}
% }

% @article{Boyle,
%   title={Monte Carlo methods for security pricing},
%   author={Boyle, Phelim  Broadie, Mark and Glasserman, Paul},
%   journal={Journal of Economic Dynamics \& Control},
%   volume={21},
%   number={8-9},
%   pages={1267--1321},
%   year={1997},
% }